<record><leader>00000cas a22000007a 4500</leader><controlfield tag="001">26642229</controlfield><controlfield tag="008">920921d19131914scudn ne      0    0eng d</controlfield><datafield ind1=" " ind2=" " tag="010"><subfield code="a">sn 92065640 </subfield></datafield><datafield ind1=" " ind2=" " tag="040"><subfield code="a">SVN</subfield><subfield code="b">eng</subfield><subfield code="c">SVN</subfield><subfield code="d">OCLCQ</subfield></datafield><datafield ind1=" " ind2=" " tag="042"><subfield code="a">msc</subfield></datafield><datafield ind1="0" ind2="4" tag="245"><subfield code="a">The Pee Dee daily.</subfield></datafield><datafield ind1=" " ind2=" " tag="260"><subfield code="a">Bennettsville, S.C. :</subfield><subfield code="b">R.L. Freeman</subfield></datafield><datafield ind1=" " ind2=" " tag="300"><subfield code="a">v.</subfield></datafield><datafield ind1=" " ind2=" " tag="310"><subfield code="a">Daily (except Thurs. and Sun.)</subfield></datafield><datafield ind1="0" ind2=" " tag="362"><subfield code="a">Vol. 1, no. 1 (May 19, 1913)-</subfield></datafield><datafield ind1="1" ind2=" " tag="362"><subfield code="a">Ceased in Sept. 1914.</subfield></datafield><datafield ind1=" " ind2="4" tag="651"><subfield code="a">Marlboro County (S.C.)</subfield><subfield code="v">Newspapers.</subfield></datafield><datafield ind1=" " ind2=" " tag="752"><subfield code="a">United States</subfield><subfield code="b">South Carolina</subfield><subfield code="c">Marlboro</subfield><subfield code="d">Bennettsville.</subfield></datafield></record>